<record><leader>00000cas a22000007a 4500</leader><controlfield tag="001">11616367</controlfield><controlfield tag="008">850124d19131919mtuwr ne      0    0eng d</controlfield><datafield ind1=" " ind2=" " tag="010"><subfield code="a">sn 85053021 </subfield></datafield><datafield ind1=" " ind2=" " tag="040"><subfield code="a">MTL</subfield><subfield code="b">eng</subfield><subfield code="c">MTL</subfield><subfield code="d">OCLCQ</subfield></datafield><datafield ind1=" " ind2=" " tag="042"><subfield code="a">msc</subfield></datafield><datafield ind1="0" ind2="4" tag="245"><subfield code="a">The Redwater Valley pioneer.</subfield></datafield><datafield ind1=" " ind2=" " tag="260"><subfield code="a">Circle, Mont. :</subfield><subfield code="b">F.S. Kalberg,</subfield><subfield code="c">1913-1919.</subfield></datafield><datafield ind1=" " ind2=" " tag="300"><subfield code="a">6 v. :</subfield><subfield code="b">ill. ;</subfield><subfield code="c">55 cm.</subfield></datafield><datafield ind1=" " ind2=" " tag="310"><subfield code="a">Weekly</subfield></datafield><datafield ind1="0" ind2=" " tag="362"><subfield code="a">Vol. 1, no. 1 (Feb. 15, 1913)-v. 6, no. 52 (Feb. 14, 1919).</subfield></datafield><datafield ind1=" " ind2=" " tag="500"><subfield code="a">"Independent Democratic." Cf. Newspaper directory of Montana, 1914-1919.</subfield></datafield><datafield ind1=" " ind2=" " tag="752"><subfield code="a">United States</subfield><subfield code="b">Montana</subfield><subfield code="c">McCone</subfield><subfield code="d">Circle.</subfield></datafield><datafield ind1="0" ind2="0" tag="785"><subfield code="t">McCone County pioneer</subfield><subfield code="w">(DLC)sn 85053022</subfield></datafield><datafield ind1="1" ind2=" " tag="029"><subfield code="a">AU@</subfield><subfield code="b">000025791201</subfield></datafield></record>